@ARTICLE{A1,
  author = {Каташевцев М.Д and Мартьянов В.И.},
  title = {Логико-эвристические методы анализа плоских изображений},
  journal = {Известия Иркутского университета: ежегод.науч.-теорет. конф. аспирантов и студентов: материалы. – Иркутск: Изд-во Иркут. гос.ун-та,},
  year = {2010},
  pages = {175-177}
}

@ARTICLE{A2,
  author = {Мартьянов В.И. and Архипов В.В. and Каташевцев М.Д. and Пахомов Д.В. and Симонов А.С.},
  title = {Обзор приложений  логико-эвристических методов решения комбинаторных задач},
  journal = {Материалы 3-ей Российской школы – семинара «Синтаксис и семантика логических систем».- Иркутск},
  year = {2010},
  pages = {60-64}
}

@ARTICLE{A3,
  author = {Мартьянов В.И. and Архипов В.В. and Каташевцев М.Д. and Пахомов Д.В.},
  title = {Обзор приложений логико-эвристических методов решения комбинаторных задач высокой сложности},
  journal = {Современные технологии. Системный анализ. Моделирование. ИрГУПС.},
  year = {2010},
  chapter = {№4(28)},
  pages = {61-67}
}

@ARTICLE{A4,
  author = {Каташевцев М.Д and Мартьянов В.И.},
  title = {Программа обработки и интерпретации контурных изображений},
  journal = {Свидетельство о государственной регистрации программы для ЭВМ №2011618417.- Федеральная служба по интеллектуальной собственности, патентам и товарным знакам.- Москва},
  year = {2010},
}

@ARTICLE{A5,
  author = {Пахомов Д.В. and Каташевцев М.Д. and Мартьянов В.И. and Степаненко А.А.},
  title = {Автоматизация создания проектов организации дорожного движения для автомобильных дорог},
  journal = {Современные технологии. Системный анализ. Моделирование. ИрГУПС.},
  year = {2010},
  chapter = {№3(35)},
  pages = {56-61}  
}

@ARTICLE{A6,
  author = {Каташевцев М.Д.},
  title = {Волновая скелетизация},
  journal = {Вестник Иркутского Государственного Технического Университета},
  year = {2013},
  chapter = {№7},
  pages = {89-92}
}

@ARTICLE{A7,
  author = {Каташевцев М.Д. and Мартьянов В.И. and Степаненко А.А. and Ле Чан Минь Дат},
  title = {Автоматизированная технология создания проектов организации дорожного движения},
  journal = { Вестник ИрГТУ.},
  year = {2012},
  chapter = {№10(69)},
  pages = {150-155}  
}

@ARTICLE{A8,
  author = {Мартьянов В. И. and Каташевцев М.Д.},
  title = {Комбинаторные задачи высокой сложности и анализ плоских контурных изображений},
  journal = {Известия Иркутского Государственного Университета серия <<Математика>>},
  year = {2013},
  chapter = {№4},
  pages = {31-47}
}

@ARTICLE{A9,
  author = {Каташевцев М.Д.},
  title = {Анализ плоских контурных изображений с метрикой},
  journal = {Известия Иркутского Государственного Университета серия <<Математика>>},
  year = {2014},
  chapter = {9},
  pages = {39-48}
}

@BOOK{B1,
  author = {Мальцев А.И.},
  title = {Алгебраические системы},
  publisher = {М.: Наука.},
  year = {1967},
}

@BOOK{B2,
  author = {Гери М. and Джонсон Д.},
  title = {Вычислительные машины и труднорешаемые задачи},
  publisher = {М.: Мир.},
  year = {1982},
}

@BOOK{B3,
  author = {Беллман Р.},
  title = {Динамическое програмирование},
  publisher = {М.: Изд-во иностранной литературы},
  year = {1960},
}

@BOOK{B4,
  author = {Вермишев Ю.Х.},
  title = {Основы автоматизации проектирования},
  publisher = {М.: Радио и связь},
  year = {1988},
}
-----

@ARTICLE{Review,
  author = {Каташевцев М.Д and Мартьянов В.И.},
  title = {Логико-эвристические методы анализа плоских изображений},
  journal = {Известия Иркутского университета: ежегод.науч.-теорет. конф. аспирантов и студентов: материалы. – Иркутск: Изд-во Иркут. гос.ун-та,},
  year = {2010},
  pages = {175-177}
}

@ARTICLE{NetPlan,
  author = {Мартьянов В.И.},
  title = {Логико-эвристические методы сетевого планирования и распознавание ситуаций},
  journal = {Труды Международ. конф. «Проблемы управления и моделирования в сложных системах»},
  year = {2001},
  pages = {203-215}
}

@BOOK{bib2,
  title = {Название книги},
  publisher = {Издательство},
  year = {2012},
  editor = {Редактор},
  author = {Автор}
}

@CONFERENCE{bib3,
  author = {Автор},
  title = {название тезисов конференции},
  booktitle = {Название сборника},
  year = {2012},
}

@BOOKLET{bib4,
  title = {Название буклета},
  nite = {Заметки}
}

@ARTICLE{bib5,
  author = {Author1 and Author2 and Author3 and Author4},
  title = {``This is english article''},
  journal = {Journal},
  year = {2012},
  volume = {2},
  pages = {200},
  language = {english}
}